<collection xmlns="http://www.loc.gov/MARC21/slim">
   <record>
      <leader>02219cam a2200397 i 45 0</leader>
      <controlfield tag="001">6811245</controlfield>
      <controlfield tag="003">OCoLC</controlfield>
      <controlfield tag="005">20150224121658.0</controlfield>
      <controlfield tag="008">140905s2015    nyu           000 0 eng  </controlfield>
      <datafield ind1=" " ind2=" " tag="010">
         <subfield code="a">  2014034130</subfield>
      </datafield>
      <datafield ind1=" " ind2=" " tag="020">
         <subfield code="a">9781107018303</subfield>
      </datafield>
      <datafield ind1=" " ind2=" " tag="020">
         <subfield code="a">1107018307</subfield>
      </datafield>
      <datafield ind1=" " ind2=" " tag="020">
         <subfield code="a">9781107679504</subfield>
      </datafield>
      <datafield ind1=" " ind2=" " tag="020">
         <subfield code="a">1107679508</subfield>
      </datafield>
      <datafield ind1=" " ind2=" " tag="035">
         <subfield code="a">ocn900305986</subfield>
      </datafield>
      <datafield ind1=" " ind2=" " tag="040">
         <subfield code="a">DLC</subfield>
         <subfield code="b">eng</subfield>
         <subfield code="e">rda</subfield>
         <subfield code="c">PUL</subfield>
         <subfield code="d">YDXCP</subfield>
         <subfield code="d">BHA</subfield>
         <subfield code="d">OCLCO</subfield>
         <subfield code="d">AENTC</subfield>
      </datafield>
      <datafield ind1=" " ind2=" " tag="042">
         <subfield code="a">pcc</subfield>
      </datafield>
      <datafield ind1="0" ind2="0" tag="050">
         <subfield code="a">BP189</subfield>
         <subfield code="b">.C36 2015</subfield>
      </datafield>
      <datafield ind1="0" ind2="0" tag="082">
         <subfield code="a">297.4</subfield>
         <subfield code="2">23</subfield>
      </datafield>
      <datafield ind1=" " ind2=" " tag="090">
         <subfield code="a">BP 189 C36 2015</subfield>
         <subfield code="b">AENTC</subfield>
      </datafield>
      <datafield ind1="0" ind2="4" tag="245">
         <subfield code="a">The Cambridge companion to Sufism /</subfield>
         <subfield code="c">Lloyd Ridgeon.</subfield>
      </datafield>
      <datafield ind1=" " ind2="1" tag="264">
         <subfield code="a">New York, NY :</subfield>
         <subfield code="b">Cambridge University Press,</subfield>
         <subfield code="c">2015.</subfield>
      </datafield>
      <datafield ind1=" " ind2=" " tag="300">
         <subfield code="a">xvi, 310 pages ;</subfield>
         <subfield code="c">23 cm.</subfield>
      </datafield>
      <datafield ind1=" " ind2=" " tag="336">
         <subfield code="a">text</subfield>
         <subfield code="2">rdacontent</subfield>
         <subfield code="0">http://id.loc.gov/vocabulary/contentTypes/txt</subfield>
      </datafield>
      <datafield ind1=" " ind2=" " tag="337">
         <subfield code="a">unmediated</subfield>
         <subfield code="2">rdamedia</subfield>
         <subfield code="0">http://id.loc.gov/vocabulary/mediaTypes/n</subfield>
      </datafield>
      <datafield ind1=" " ind2=" " tag="338">
         <subfield code="a">volume</subfield>
         <subfield code="2">rdacarrier</subfield>
         <subfield code="0">http://id.loc.gov/vocabulary/carriers/nc</subfield>
      </datafield>
      <datafield ind1="1" ind2=" " tag="490">
         <subfield code="a">Cambridge companions to religion</subfield>
      </datafield>
      <datafield ind1=" " ind2=" " tag="504">
         <subfield code="a">Includes bibliographical references and indexes.</subfield>
      </datafield>
      <datafield ind1="0" ind2=" " tag="505">
         <subfield code="a">Parrt 1. The early period: Origins and early Sufism / Christopher Melchert -- Pious Sufi Women / Laury Silvers -- Sufi Rituals / Erik Ohlander --  Morality in Early Sufi Literature / Saeko Yazaki. Part II. Medieval Sufism: Sufism and Mysticism / Lloyd Ridgeon -- Sufism and Persian Love Poetry / Leonard Lewisohn -- Antinomian Sufism / Ahmed Karamustafa. Part III. Sufism in the modern age: Nana Asma'u: 19C West African Sufi / Beverly B Mack -- Sufism and Colonialism / Vikor Knut -- Sufism in the West / Ron Geaves --  Sufism in the Age of Globalization / Itzchak Weismann -- Transnationalism and Regional Cults / Pnina Werbner.</subfield>
      </datafield>
      <datafield ind1=" " ind2=" " tag="596">
         <subfield code="a">32</subfield>
      </datafield>
      <datafield ind1=" " ind2="0" tag="650">
         <subfield code="a">Sufism.</subfield>
         <subfield code="0">http://id.loc.gov/authorities/subjects/sh85129660</subfield>
      </datafield>
      <datafield ind1="1" ind2=" " tag="700">
         <subfield code="a">Ridgeon, Lloyd V. J.,</subfield>
         <subfield code="e">editor.</subfield>
         <subfield code="0">http://id.loc.gov/authorities/names/nr98020384</subfield>
         <subfield code="0">http://viaf.org/viaf/54322161</subfield>
      </datafield>
      <datafield ind1=" " ind2=" " tag="758">
         <subfield code="0">http://worldcat.org/entity/work/id/340910653</subfield>
      </datafield>
      <datafield ind1="0" ind2=" " tag="787">
         <subfield code="n">OCLC Work Id</subfield>
         <subfield code="o">http://worldcat.org/entity/work/id/340910653</subfield>
      </datafield>
      <datafield ind1=" " ind2="0" tag="830">
         <subfield code="a">Cambridge companions to religion.</subfield>
         <subfield code="0">http://id.loc.gov/authorities/names/n97073126</subfield>
      </datafield>
      <datafield ind1=" " ind2=" " tag="926">
         <subfield code="a">BP 189 C36 2015</subfield>
         <subfield code="w">LC</subfield>
         <subfield code="c">1</subfield>
         <subfield code="i">0163980492728</subfield>
         <subfield code="l">ON_SHELF</subfield>
         <subfield code="m">NEWMAN</subfield>
         <subfield code="r">Y</subfield>
         <subfield code="s">Y</subfield>
         <subfield code="t">BOOK</subfield>
         <subfield code="u">2/24/2015</subfield>
      </datafield>
   </record>
</collection>
